<?xml version="1.0" encoding="UTF-8" ?><marc:collection xmlns:marc="http://www.loc.gov/MARC21/slim" xmlns:xsi="http://www.w3.org/2001/XMLSchema-instance" xsi:schemaLocation="http://www.loc.gov/MARC21/slim http://www.loc.gov/standards/marcxml/schema/MARC21slim.xsd">
<marc:record><marc:leader>01818nam a2200373 a 4500</marc:leader>
<marc:controlfield tag="001">6671</marc:controlfield>
<marc:controlfield tag="003">aeadna</marc:controlfield><marc:controlfield tag="005">20100502083400.0</marc:controlfield><marc:controlfield tag="006">a      000 0      </marc:controlfield><marc:controlfield tag="008">170811s1910||||ua   abe     a00| 0|ara|d</marc:controlfield><marc:datafield tag="035" ind1=" " ind2=" "><marc:subfield code="a">(Sirsi) 6671</marc:subfield></marc:datafield><marc:datafield tag="040" ind1=" " ind2=" "><marc:subfield code="a">nal</marc:subfield><marc:subfield code="b">ara</marc:subfield><marc:subfield code="e">AACR2</marc:subfield></marc:datafield><marc:datafield tag="041" ind1="0" ind2=" "><marc:subfield code="a">ara</marc:subfield></marc:datafield><marc:datafield tag="043" ind1=" " ind2=" "><marc:subfield code="a">e------ </marc:subfield><marc:subfield code="a"> n-us--- </marc:subfield><marc:subfield code="a"> ff----- </marc:subfield><marc:subfield code="a"> aw-----</marc:subfield></marc:datafield><marc:datafield tag="050" ind1=" " ind2="4"><marc:subfield code="a">D919</marc:subfield><marc:subfield code="b">.I31 1910</marc:subfield></marc:datafield><marc:datafield tag="082" ind1="1" ind2="4"><marc:subfield code="a">910.91</marc:subfield><marc:subfield code="b">21</marc:subfield></marc:datafield><marc:datafield tag="100" ind1="1" ind2=" "><marc:subfield code="a">إلياس، إدوار</marc:subfield></marc:datafield><marc:datafield tag="245" ind1="1" ind2="0"><marc:subfield code="a">كتاب مشاهد الممالك :</marc:subfield><marc:subfield code="b">وفيه وصف أوروبا وولايات أمريكا المتحدة وتونس والجزائر والبلقان (أي رومانيا والسرب والبلغار) واليونان وسورية وجبل لبنان /</marc:subfield><marc:subfield code="c">تأليف ادوار الياس.</marc:subfield></marc:datafield><marc:datafield tag="260" ind1=" " ind2=" "><marc:subfield code="a">القاهرة :</marc:subfield><marc:subfield code="b">مطبعة المقطم ،</marc:subfield><marc:subfield code="c">1910م.</marc:subfield></marc:datafield><marc:datafield tag="300" ind1=" " ind2=" "><marc:subfield code="a">ج، 835ص، أ-د ،55 ورقة غير مرقمة : </marc:subfield><marc:subfield code="b"> توضيحيات،خرائط؛ </marc:subfield><marc:subfield code="c"> 24 سم</marc:subfield></marc:datafield><marc:datafield tag="500" ind1=" " ind2=" "><marc:subfield code="a">حالة الكتاب المادية جيدة. مجلّد.</marc:subfield></marc:datafield><marc:datafield tag="541" ind1=" " ind2=" "><marc:subfield code="a">هدية سمو الشيخ فالح بن ناصر آل ثاني إلى مكتبة مركز الوثائق والدراسات.</marc:subfield></marc:datafield><marc:datafield tag="650" ind1=" " ind2="4"><marc:subfield code="a">الرحلات</marc:subfield></marc:datafield><marc:datafield tag="651" ind1=" " ind2="4"><marc:subfield code="a">أوربا</marc:subfield><marc:subfield code="x">وصف ورحلات</marc:subfield></marc:datafield><marc:datafield tag="651" ind1=" " ind2="4"><marc:subfield code="a">الولايات المتحدة الأمريكية</marc:subfield><marc:subfield code="x">وصف ورحلات</marc:subfield></marc:datafield><marc:datafield tag="651" ind1=" " ind2="4"><marc:subfield code="a">تونس</marc:subfield><marc:subfield code="x">وصف ورحلات</marc:subfield></marc:datafield><marc:datafield tag="651" ind1=" " ind2="4"><marc:subfield code="a">الجزائر</marc:subfield><marc:subfield code="x">وصف ورحلات</marc:subfield></marc:datafield><marc:datafield tag="651" ind1=" " ind2="4"><marc:subfield code="a">البلقان</marc:subfield><marc:subfield code="x">وصف ورحلات</marc:subfield></marc:datafield><marc:datafield tag="651" ind1=" " ind2="4"><marc:subfield code="a">بلغاريا</marc:subfield><marc:subfield code="x">وصف ورحلات</marc:subfield></marc:datafield><marc:datafield tag="651" ind1=" " ind2="4"><marc:subfield code="a">اليونان</marc:subfield><marc:subfield code="x">وصف ورحلات</marc:subfield></marc:datafield><marc:datafield tag="651" ind1=" " ind2="4"><marc:subfield code="a">سوريا</marc:subfield><marc:subfield code="x">وصف ورحلات</marc:subfield></marc:datafield><marc:datafield tag="651" ind1=" " ind2="4"><marc:subfield code="a">لبنان</marc:subfield><marc:subfield code="x">وصف ورحلات</marc:subfield></marc:datafield><marc:datafield tag="776" ind1=" " ind2=" "><marc:subfield code="a">مشاهد الممالك</marc:subfield></marc:datafield><marc:datafield tag="949" ind1=" " ind2=" "><marc:subfield code="a">910.91 ا ف  DF  ت</marc:subfield><marc:subfield code="w">DDC</marc:subfield><marc:subfield code="i">30018000012195</marc:subfield><marc:subfield code="u">06/24/2003</marc:subfield><marc:subfield code="d">04/26/2010</marc:subfield><marc:subfield code="n">0</marc:subfield><marc:subfield code="t">Book</marc:subfield><marc:subfield code="l">av</marc:subfield><marc:subfield code="m">MAIN</marc:subfield><marc:subfield code="x">RAR</marc:subfield></marc:datafield></marc:record>
</marc:collection>
